<?xml version="1.0" encoding="UTF-8"?><collection><record><leader>09806ntm a2200613 a 4500</leader><controlfield tag="001">006832663</controlfield><controlfield tag="003">MiAaHDL</controlfield><controlfield tag="005">20190719000000.0</controlfield><controlfield tag="006">m        d        </controlfield><controlfield tag="007">cr bn ---auaua</controlfield><controlfield tag="008">090629s1786    xx            00| ||ara d</controlfield><datafield tag="035" ind1=" " ind2=" "><subfield code="a">(MiU)006832663</subfield></datafield><datafield tag="035" ind1=" " ind2=" "><subfield code="a">sdr-miu006832663</subfield></datafield><datafield tag="040" ind1=" " ind2=" "><subfield code="a">MiU</subfield><subfield code="c">MiU</subfield><subfield code="e">amremm</subfield></datafield><datafield tag="043" ind1=" " ind2=" "><subfield code="a">n-us-mi</subfield></datafield><datafield tag="100" ind1="1" ind2=" "><subfield code="6">880-01</subfield><subfield code="a">Anṣārī, Zakarīyā ibn Muḥammad,</subfield><subfield code="d">approximately 1423-approximately 1520.</subfield></datafield><datafield tag="245" ind1="1" ind2="0"><subfield code="6">880-03</subfield><subfield code="a">Fatḥ al-bāqī bi-sharḥ Alfīyat al-ʻIrāqī,</subfield><subfield code="f">[1200, i.e. 1786].</subfield></datafield><datafield tag="246" ind1="3" ind2=" "><subfield code="i">Title from from 'title page' inscription (p.3):</subfield><subfield code="a">كتاب فتح الباقي شرح الفية العراقي</subfield></datafield><datafield tag="260" ind1=" " ind2=" "><subfield code="c">[1786].</subfield></datafield><datafield tag="300" ind1=" " ind2=" "><subfield code="a">190 leaves :</subfield><subfield code="b">paper ;</subfield><subfield code="c">230 x 173 (155 x 90) mm.</subfield></datafield><datafield tag="500" ind1=" " ind2=" "><subfield code="a">Shelfmark: Ann Arbor, University of Michigan, Special Collections Library, Isl. Ms. 952</subfield></datafield><datafield tag="500" ind1=" " ind2=" "><subfield code="a">Origin: As appears in colophon on p.380, final gatherings (11-19, from p.203 to close) copied by ʻAbd al-Wahhāb Sulaymān with transcription completed 30 Jumādá II 1200 [ca. 30 April 1786]. Transcription of opening gatherings (through p.202) possibly completed earlier, even early to mid 18th century.</subfield></datafield><datafield tag="500" ind1=" " ind2=" "><subfield code="a">Former shelfmark: Mich. Isl. Ms. temp. no. 101</subfield></datafield><datafield tag="500" ind1=" " ind2=" "><subfield code="a">Binding: Pasteboards covered with shell marbled paper in green-blue, dark blue, red, and yellow with maroon leather over spine, fore edge flap, and board corners ; Type II binding (with flap) ; board lining and endpapers (pasted to opening and closing gatherings) in untinted wove paper ; wrapper binding, case with no signs of attachment, gatherings of text block never sewn though possibly once supported by two strips of leather or textile pasted to the spine (see traces of adhesive) ; overall in fair condition with minor abrasion, etc.</subfield></datafield><datafield tag="500" ind1=" " ind2=" "><subfield code="a">Support: European laid paper of several types ; opening section (through p.202) in a few tre lune types, including one with 6 laid lines per cm. (vertical), chain lines spaced 25-27 mm. apart (horizontal), and three crescents / tre lune watermark (95 mm. long, perpendicular to chains, see pp.10, 16, 46, 60, 68, 78, etc.) another with 6-7 laid lines per cm. (vertical), chain lines spaced 26 mm. apart (horizontal), and three crescents / tre lune watermark (87 mm. long, perpendicular to chains, see pp.24, 32, 34, 41, 48, 58, etc.), all quite sturdy, light cream in color, well-burnished ; next section (pp.203-262) in a type with 8 laid lines per cm. (horizontal), chain lines spaced 26-28 mmm. apart (vertical), and watermarks of double-headed eagle with "FNF" (see pp.210, 212, etc. and compare no.1156 in Nikolaev, Watermarks of the Ottoman Empire, vol.1) and crescent (with human profile) in shield (see pp.204, 208, 222, etc.), quite sturdy, medium cream to buff in color, well-burnished ; final section (p.263 to close) in a type with 7 laid lines per cm. (vertical), chain lines spaced 30 mm. apart (horizontal), watermark of crescent (with human profile) in shield (see pp.264, 266, etc.) and countermarks "A G" above "Andrea Galvani Pordenone" in script (see pp.270, 272, etc.),</subfield></datafield><datafield tag="500" ind1=" " ind2=" "><subfield code="a">Decoration: Keywords, section headings and notabilia rubricated ; textual dividers in the form of three dots in red.</subfield></datafield><datafield tag="500" ind1=" " ind2=" "><subfield code="a">Script: Naskh ; several Egyptian hands in bold to thin lines ; opening through p.188 in a clear though somewhat awkward hand in a bold line, partially but irregularly seriffed with slight effect of tilt to the right, curvilinear descenders, pointing mainly in distinct dots, alif maqṣūrah pointed as yāʼ, some elongation of horizontal strokes ; pp.189-202 in a quicker, more compact and freely ligatured hand in a thin line, partially seriffed with effect of tilt to the left and of words descending to baseline, some sharp, rectilinear descenders, pointing in strokes rather than distinct dots ; from p.203 to close a much neater, more careful hand with Turkish features, mainly serifless (though very small serifs appearing occasionally) with effect of tilt to the left, curvilinear descenders, pointing mainly in distinct dots, alif maqṣūrah pointed as yāʼ ; replacement bifolium (pp.103-104, 121-122) in still a different hand, an elegant Ottoman naskh.</subfield></datafield><datafield tag="500" ind1=" " ind2=" "><subfield code="a">Layout: Written in 21 lines per page ; frame-ruled.</subfield></datafield><datafield tag="500" ind1=" " ind2=" "><subfield code="a">Collation: i, 19 V(190), i ; exclusively quinions ; quire numbering in the form of Hindu-Arabic numerals below letter ك on recto of opening leaf of each quire ; catchwords present ; pagination in pencil, Western numerals, supplied during digitization (includes endpapers).</subfield></datafield><datafield tag="500" ind1=" " ind2=" "><subfield code="a">Colophon: "Scribal," triangular, reads "تم الكتاب على يد افقر العباد الى الله عز وجل عبد الوهاب سليمان في ليلة الثلاث المبارك ليلة ثلاثين من جمادى اخر من شهور سنة ١٢٠٠ من الهجرة النبوية م وصلى الله على سيدنا محمد وعلى اله وصحبه وسلم والحمد لله وحده"</subfield></datafield><datafield tag="500" ind1=" " ind2=" "><subfield code="a">Explicit: "اليه منا ترجع الامور قال تعالى واليه يرجع الامر كله وافضل الصلاة والسلام على النبي المصطفى سيد الانام اي الخلق صلى الله عليه وسلم كلما ذكره الذاكرون"</subfield></datafield><datafield tag="500" ind1=" " ind2=" "><subfield code="a">Incipit: "الحمد لله الذي وصل من انقطع اليه بدينه القويم ورفع من اسند امره اليه باتباع سنة نبيه الكريم ... وبعد فان الفية علم الحديث المسماة بالتبصرة والتذكرة للشيخ الامام الحافظ شيخ الاسلام ابي الفضل عبد الرحيم زين الدين بن الحسين بن عبد الرحيم بن ابي بكر ابن ابراهيم العراقي لما اشتملت علي نقول عجيبة ومسائل غريبة ... طلب مني بعض الاعزة ... ان اضع عليها شرحا ... وسميته بفتح الباقي بشرح الفية العراقي ..."</subfield></datafield><datafield tag="500" ind1=" " ind2=" "><subfield code="a">Title from opening on p.4.</subfield></datafield><datafield tag="500" ind1=" " ind2=" "><subfield code="a">Ms. composite codex.</subfield></datafield><datafield tag="510" ind1="4" ind2=" "><subfield code="a">Nikolaev, Vsevolod. Watermarks of the mediaeval Ottoman documents in Bulgarian libraries. Watermarks of the Ottoman Empire, volume 1. Sofia: Bulgarian Academy of Sciences, 1954.</subfield></datafield><datafield tag="510" ind1="4" ind2=" "><subfield code="a">Jong, F. de. Ṭuruq and Ṭuruq-linked institutions in Nineteenth century Egypt: a historical study in organizational dimensions of Islamic mysticism. Leiden: E. J. Brill, 1978.</subfield></datafield><datafield tag="510" ind1="4" ind2=" "><subfield code="a">Brockelmann, C. GAL,</subfield><subfield code="c">I 359 ; II 66 ; II 99</subfield></datafield><datafield tag="520" ind1="8" ind2=" "><subfield code="a">Elegant copy of the commentary by Zayn al-Dīn Zakarīyā ibn Muḥammad al-Anṣārī al-Sunaykī (d. ca. 1520) upon al-ʻIrāqī's al-Alfīyah fī ʻilm al-ḥadīth or Tabṣirat al-mubtadiʼ wa-tadhkirat al-muntahī or al-Maqāṣid al-muhmalah, itself a versification of Kitāb Maʻrifat anwāʻ ʻilm (‘ulūm) al-ḥadīth or ʻUlūm al-ḥadīth of ‘Uthmān Ibn al-Ṣalāḥ al-Shahrazūrī (d.1243).</subfield></datafield><datafield tag="538" ind1=" " ind2=" "><subfield code="a">Mode of access: Internet.</subfield></datafield><datafield tag="541" ind1=" " ind2=" "><subfield code="a">Acquired in the Fall of 1950.</subfield></datafield><datafield tag="546" ind1=" " ind2=" "><subfield code="a">Arabic.</subfield></datafield><datafield tag="561" ind1=" " ind2=" "><subfield code="a">On upper pastedown, label with ex libris of James Heyworth-Dunne (d.1974), stamped with inventory numbers, "Ex Libris | J. Heyworth-Dunne | D. Lit. (London) | No.7782" ; collation statement on 'title page' (p.3) reads "جملة كراريسه عدد ١٩ تسعة عشر كراس" ; several seal impressions on 'title page' (p.3), incipit page (p.4), at close on p.380 and elsewhere throughout codex (typically once per gathering), namely circular seal impression in blue ink seemingly dated 1304 [1886 or 7] in name of ʻAbd al-Bāqī al-Bakrī (see below) "هذا من كتب السيد عبد الباقي البكري ٣٠٤" and rectangular waqf seal impression in blue ink "يا رب انت الله يسر لنا علم لا اله الا الله وقف هذا الكتاب لله تعالى السيد عبد الباقي البكري الصديقي سبط الحسن" in name of the aforementioned ʻAbd al-Bāqī al-Bakrī al-Ṣiddīqī Sibṭ Āl al-Ḥasan (عبد الباقي البكري الصديقي سبط آل الحسن / d.1892), shaykh of the Bakrīyah order and incumbent to niqābat al-ashrāf in Egypt during the years 1880-1891 (see de Jong, Ṭuruq and Ṭuruq-linked institutions in Nineteenth century Egypt, Ch.3, Appendix VII-IX, etc.) and oval waqf seal impression in red ink "وقف لله تعالى ومقره بيت السجادة البكرية" in name of Bayt al-Sajjādah al-Bakrīyah (بيت السجادة البكرية) ; UM Library inscription on p.5 "Dunning | Heyworth-Dunne | 6-13-51 | 71955" ; numerous glosses and occasional marginal corrections ; notabilia (side-heads, most rubricated.</subfield></datafield><datafield tag="600" ind1="1" ind2="0"><subfield code="a">Ibn al-Ṣalāḥ al-Shahrazūrī, ʻUthmān ibn ʻAbd al-Raḥmān,</subfield><subfield code="d">1181 or 1182-1245.</subfield><subfield code="t">ʻUlūm al-ḥadīth.</subfield></datafield><datafield tag="600" ind1="1" ind2="0"><subfield code="a">ʻIrāqī, ʻAbd al-Raḥīm ibn al-Ḥusayn,</subfield><subfield code="d">1325-1404.</subfield><subfield code="t">Alfīyat al-ʻIrāqī.</subfield></datafield><datafield tag="650" ind1=" " ind2="0"><subfield code="a">Manuscripts, Arabic</subfield><subfield code="z">Michigan</subfield><subfield code="z">Ann Arbor.</subfield></datafield><datafield tag="650" ind1=" " ind2="0"><subfield code="a">Hadith</subfield><subfield code="x">Criticism, interpretation, etc.</subfield><subfield code="v">Early works to 1800.</subfield></datafield><datafield tag="700" ind1="1" ind2=" "><subfield code="a">Heyworth-Dunne, J.</subfield><subfield code="q">(James),</subfield><subfield code="e">former owner.</subfield></datafield><datafield tag="700" ind1="0" ind2=" "><subfield code="6">880-06</subfield><subfield code="a">ʻAbd al-Bāqī al-Bakrī al-Ṣiddīqī,</subfield><subfield code="d">d. 1892,</subfield><subfield code="e">former owner.</subfield></datafield><datafield tag="700" ind1="0" ind2=" "><subfield code="6">880-05</subfield><subfield code="a">ʻAbd al-Wahhāb Sulaymān</subfield><subfield code="d">fl. 1786,</subfield><subfield code="e">scribe.</subfield></datafield><datafield tag="773" ind1="0" ind2=" "><subfield code="a">Heyworth-Dunne Collection.</subfield></datafield><datafield tag="880" ind1="0" ind2=" "><subfield code="6">700-06/</subfield><subfield code="a">عبد الباقي البكري الصديقي،</subfield><subfield code="e">مالك سابق.</subfield></datafield><datafield tag="880" ind1="0" ind2=" "><subfield code="6">700-05/</subfield><subfield code="a">عبد الوهاب سليمان،</subfield><subfield code="e">ناسخ.</subfield></datafield><datafield tag="880" ind1="1" ind2="0"><subfield code="6">245-03/</subfield><subfield code="a">فتح الباقي بشرح الفية العراقي,</subfield><subfield code="f">[1200ه, 1786م].</subfield></datafield><datafield tag="880" ind1="1" ind2=" "><subfield code="6">100-01/</subfield><subfield code="a">أنصاري، زكريا بن محمد</subfield></datafield><datafield tag="CID" ind1=" " ind2=" "><subfield code="a">006832663</subfield></datafield><datafield tag="DAT" ind1="0" ind2=" "><subfield code="a">20190719102640.0</subfield><subfield code="b">20190719000000.0</subfield></datafield><datafield tag="DAT" ind1="1" ind2=" "><subfield code="a">20190719090653.0</subfield><subfield code="b">2019-07-19T16:12:24Z</subfield></datafield><datafield tag="DAT" ind1="2" ind2=" "><subfield code="a">2015-10-02T18:00:03Z</subfield></datafield><datafield tag="CAT" ind1=" " ind2=" "><subfield code="a">SDR-MIU</subfield><subfield code="d">EX LIBRIS - ALEPH</subfield><subfield code="l">prepare.pl-004-008</subfield></datafield><datafield tag="FMT" ind1=" " ind2=" "><subfield code="a">BK</subfield></datafield><datafield tag="HOL" ind1=" " ind2=" "><subfield code="0">sdr-miu006832663</subfield><subfield code="a">MiU</subfield><subfield code="b">SDR</subfield><subfield code="c">MIU</subfield><subfield code="p">mdp.39015079131333</subfield><subfield code="s">MIU</subfield><subfield code="1">006832663</subfield></datafield><datafield tag="974" ind1=" " ind2=" "><subfield code="b">MIU</subfield><subfield code="c">MIU</subfield><subfield code="d">20190719</subfield><subfield code="s">lit-dlps-dc</subfield><subfield code="u">mdp.39015079131333</subfield><subfield code="y">1786</subfield><subfield code="r">pd</subfield><subfield code="q">bib</subfield><subfield code="t">non-US bib date1 &lt; 1879</subfield></datafield></record></collection>